%------Self Adaptation------
@inproceedings{DELTAIOT-2017,
	author = {{Iftikhar, Muhammad Usman} and others},
	title = {{DeltaIoT: A Self-adaptive Internet of Things Exemplar}},
	booktitle = {{Proceedings of the 12th International Symposium on Software Engineering for Adaptive and Self-Managing Systems}},
	series = {{SEAMS '17}},
	year = {{2017}},
	pages = {{76-82}},
	numpages = {{7}},
	publisher = {{IEEE Press}},
	address = {{Piscataway, NJ, USA}}
}
@phdthesis{AMBATESASWG-2017,
	publisher = {{Linnaeus University Press}},
	year = {{2017}},
	title = {{A Model-Based Approach to Engineer Self-Adaptive Systems with Guarantees}},
	address = {{Växjö}},
	author = {{Iftikhar, Muhammad Usman}}
}
@incollection{SEFSASARR-2009,
	author = {{Cheng, Betty H. C.} and others},
	title = {{Software Engineering for Self-Adaptive Systems: A Research Roadmap}},
	bookTitle = {{Software Engineering for Self-Adaptive Systems}},
	year = {{2009}},
	publisher = {{Springer Berlin Heidelberg}},
	address = {{Berlin, Heidelberg}},
	pages = {{1-26}}
}
@incollection{SEFSASASRR-2013,
	author = {{de Lemos, Rog{\'e}rio} and others},
	title = {{Software Engineering for Self-Adaptive Systems: A Second Research Roadmap}},
	bookTitle = {{Software Engineering for Self-Adaptive Systems II: International Seminar, Dagstuhl Castle, Germany, October 24-29, 2010 Revised Selected and Invited Papers}},
	year = {{2013}},
	publisher = {{Springer Berlin Heidelberg}},
	address = {{Berlin, Heidelberg}},
	pages = {{1-32}}
}
@inproceedings{SEFSASRCITPOA-2017,
	author = {{Garlan, David} and others},
	title = {{Software Engineering for Self-Adaptive Systems: Research Challenges in the Provision of Assurances}},
	booktitle = {{Software Engineering for Self-Adaptive Systems III. Assurances}},
	year = {{2017}},
	publisher = {{Springer International Publishing}},
	address = {{Cham}},
	pages = {{3-30}}
}
@incollection{SEOSASAOTAFC-2017,
	publisher = {{Springer}},
	booktitle = {{Handbook of Software Engineering}},
	year = {{2017}},
	title = {{Software Engineering of Self-Adaptive Systems: An Organised Tour and Future Challenges}},
	language = {{eng}},
	author = {{Weyns, Danny}},
	organization = {{Taylor, Richard}}
}
@book{SEFSAS-2009,
	title = {{Software Engineering for Self-Adaptive Systems}},
	year = {{2009}},
	volume = {{5525}},
	editor = {{Cheng, Betty H. C.} and others},
	series = {{Lecture Notes in Computer Science (LNCS)}},
	publisher = {{Springer}}
}
@inproceedings{ABRSE-1998, 
	author = {{Peyman, Oreizy} and others}, 
	booktitle = {{Proceedings of the 20th International Conference on Software Engineering}}, 
	title = {{Architecture-based runtime software evolution}}, 
	year = {{1998}},  
	pages = {{177-186}}, 
	month = {{Apr}}
}
@article{RABSAWRI-2004, 
	author = {{Garlan, David} and others}, 
	journal = {{Computer}}, 
	title = {{Rainbow: architecture-based self-adaptation with reusable infrastructure}}, 
	year = {{2004}}, 
	volume = {{37}}, 
	number = {{10}}, 
	pages = {{46-54}}, 
	month = {{Oct}}
}
@incollection{MDOSASS-2009,
	author = {{de Lemos, Rog{\'e}rio} and others},
	title = {{Modeling Dimensions of Self-Adaptive Software Systems}},
	bookTitle = {{Software Engineering for Self-Adaptive Systems}},
	year = {{2009}},
	publisher = {{Springer Berlin Heidelberg}},
	address = {{Berlin, Heidelberg}},
	pages = {{27-47}}
}
@article{FORMSURMFFSODSAS-2012,
	author = {{Weyns, Danny} and others},
	title = {{FORMS: Unifying Reference Model for Formal Specification of Distributed Self-adaptive Systems}},
	journal = {{ACM Trans. Auton. Adapt. Syst.}},
	volume = {{7}},
	number = {{1}},
	month = {{may}},
	year = {{2012}},
	pages = {{8:1-8:61}},
	numpages = {{61}},
	publisher = {{ACM}},
	address = {{New York, NY, USA}}
}
@techreport{AABFAC-2005,
	editor = {{IBM}},
	institution = {{IBM}},
	month = {{Jun}},
	title = {{An Architectural Blueprint for Autonomic Computing}},
	year = {{2005}}
}
@inproceedings{DEFLITDOSASACE-2013,
	author = {{Weyns, Danny} and others},
	title = {{Do External Feedback Loops Improve the Design of Self-adaptive Systems? A Controlled Experiment}},
	booktitle = {{Proceedings of the 8th International Symposium on Software Engineering for Adaptive and Self-Managing Systems}},
	series = {{SEAMS '13}},
	year = {{2013}},
	pages = {{3-12}},
	numpages = {{10}},
	publisher = {{IEEE Press}},
	address = {{Piscataway, NJ, USA}},
}
@article{MAAMAPEKFLFSA-2015,
	title = {{Modeling and Analyzing MAPE-K Feedback Loops for Self-Adaptation}},
	author = {{Paolo, Arcaini} and others},
	journal = {{2015 IEEE/ACM 10th International Symposium on Software Engineering for Adaptive and Self-Managing Systems}},
	year = {{2015}},
	pages = {{13-23}}
}
@inproceedings{MBSARFSAS-2016, 
	author = {{Weyns, Danny} and others}, 
	booktitle = {{2016 IEEE International Conference on Autonomic Computing (ICAC)}}, 
	title = {{Model-Based Simulation at Runtime for Self-Adaptive Systems}}, 
	year = {{2016}}, 
	pages = {{364-373}},
	month = {{July}}
}
@inproceedings{ACTIVFORMS-2014,
	author = {{Iftikhar, Muhammad Usman} and others},
	title = {{ActivFORMS: Active Formal Models for Self-adaptation}},
	booktitle = {{Proceedings of the 9th International Symposium on Software Engineering for Adaptive and Self-Managing Systems}},
	series = {{SEAMS 2014}},
	year = {{2014}},
	pages = {{125-134}},
	numpages = {{10}},
	publisher = {{ACM}},
	address = {{New York, NY, USA}}
}
@article{TRSMCFSAS-2016,
	author = {{Weyns, Danny} and others}, 
	title = {{Towards runtime statistical model checking for self-adaptive systems}},
	year = {{2016}},
	publisher = {{Department of Computer Science, KU Leuven}}
}
@article{SASNQVAR-2012,
	author = {{Calinescu, Radu} and others},
	title = {{Self-adaptive Software Needs Quantitative Verification at Runtime}},
	journal = {{Commun. ACM}},
	issue_date = {{September 2012}},
	volume = {{55}},
	number = {{9}},
	month = {{Sep}},
	year = {{2012}},
	pages = {{69--77}},
	numpages = {{9}},
	publisher = {{ACM}},
	address = {{New York, NY, USA}}
}
@article{ETSASWDAC-2017, 
	author = {{Weyns, Danny} and others},
	journal = {{IEEE Transactions on Software Engineering}}, 
	title = {{Engineering Trustworthy Self-Adaptive Software with Dynamic Assurance Cases}}, 
	year = {{2017}},  
	pages = {{1-1}}
}
@inproceedings{TLFIMPIHCS-2017,
	author = {{Jamshidi, Pooyan} and others},
	title = {{Transfer Learning for Improving Model Predictions in Highly Configurable Software}},
	booktitle = {{Proceedings of the 12th International Symposium on Software Engineering for Adaptive and Self-Managing Systems}},
	series = {{SEAMS '17}},
	year = {{2017}},
	pages = {{31-41}},
	numpages = {{11}},
	month = {{May}},
	publisher = {{IEEE Press}},
	address = {{Piscataway, NJ, USA}}
}
@article{DQMAOISBS-2011, 
	author = {{Calinescu, Radu} and others}, 
	journal = {{IEEE Transactions on Software Engineering}}, 
	title = {{Dynamic QoS Management and Optimization in Service-Based Systems}}, 
	year = {{2011}}, 
	volume = {{37}}, 
	number = {{3}}, 
	pages = {{387-409}}, 
	month = {{May}}
}
@inproceedings{PAFSAS-2017,
	author = {{Weyns, Danny} and others},
	editor = {{de Lemos, Rog{\'e}rio and Garlan, David and Ghezzi, Carlo
	and Giese, Holger}},
	title = {{Perpetual Assurances for Self-Adaptive Systems}},
	booktitle = {{Software Engineering for Self-Adaptive Systems III. Assurances}},
	year = {{2017}},
	publisher = {{Springer International Publishing}},
	address = {{Cham}},
	pages = {{31-63}}
}

%------Machine Learning------
@book{FOML-2012,
	series = {{Adaptive computation and machine learning series}},
	publisher = {{MIT Press}},
	year = {{2012}},
	title = {{Foundations of machine learning}},
	address = {{Cambridge, MA}},
	author = {{Mohri, Mehryar}}
}
@article{ML-2016,
	author = {{Louridas, Panos} and others},
	journal = {{IEEE Software}},
	title = {{Machine Learning}},
	year = {{2016}},
	volume = {{33}},
	number = {{5}},
	pages = {{110-115}},
	month = {{Sept}}
}
@book{HOMLWSLATF-2017,
	author = {{Gron, Aurlien}},
	title = {{Hands-On Machine Learning with Scikit-Learn and TensorFlow: Concepts, Tools, and Techniques to Build Intelligent Systems}},
	year = {{2017}},
	edition = {{1st}},
	publisher = {{O'Reilly Media, Inc.}},
}
@inproceedings{ILAAA-2016,
	title = {{Incremental learning algorithms and applications}},
	author = {{Gepperth, Alexander} and others},
	booktitle = {{European Symposium on Artificial Neural Networks (ESANN)}},
	address = {{Bruges, Belgium}},
	year = {{2016}}
}
@article{SLMLIP-2011,
	title = {{Scikit-learn: Machine Learning in Python}},
	author = {{Pedregosa, Fabian} and others},
	journal = {{Journal of Machine Learning Research}},
	volume = {{12}},
	pages = {{2825--2830}},
	year = {{2011}}
}
@book{LSLMLIP-2013,
	author = {{Garreta, Ra{ù}l} and others},
	title = {{Learning scikit-learn: Machine Learning in Python}},
	year = {{2013}},
	publisher = {{Packt Publishing}},
}
@book{MMLWSL-2014,
	author = {{Hackeling, Gavin}},
	title = {{Mastering Machine Learning With Scikit-learn}},
	year = {{2014}},
	publisher = {{Packt Publishing}},
} 
@article{OPAA-2006,
	author = {{Crammer, Koby} and others},
	title = {{Online Passive-Aggressive Algorithms}},
	journal = {{J. Mach. Learn. Res.}},
	issue_date = {{12/1/2006}},
	volume = {{7}},
	month = {{Dec}},
	year = {{2006}},
	issn = {{1532-4435}},
	pages = {{551--585}},
	numpages = {{35}},
	publisher = {{JMLR.org}},
} 
%------Related Work------
@inproceedings{CESFPPOCS-2015,
	author = {{Sarkar, Atri} and others},
	title = {{Cost-Efficient Sampling for Performance Prediction of Configurable Systems (T)}},
	booktitle = {{Proceedings of the 2015 30th IEEE/ACM International Conference on Automated Software Engineering (ASE)}},
	series = {{ASE '15}},
	year = {{2015}},
	pages = {{342--352}},
	numpages = {{11}},
	publisher = {{IEEE Computer Society}},
	address = {{Washington, DC, USA}},
}
@inproceedings{AUAATOCOSPS-2016, 
	author = {{Jamshidi, Pooyan} and others}, 
	booktitle = {{2016 IEEE 24th International Symposium on Modeling, Analysis and Simulation of Computer and Telecommunication Systems (MASCOTS)}}, 
	title = {{An Uncertainty-Aware Approach to Optimal Configuration of Stream Processing Systems}}, 
	year = {{2016}},  
	pages = {{39--48}}, 
	month = {{Sept}}
}
@inproceedings{PPOCSSBFL-2015,
	author = {{Zhang, Yi} and others}, 
	booktitle = {{2015 30th IEEE/ACM International Conference on Automated Software Engineering (ASE)}}, 
	title = {{Performance Prediction of Configurable Software Systems by Fourier Learning}}, 
	year = {{2015}}, 
	pages = {{365--373}},
	month = {{Nov}}
}
@inproceedings{TMLBATOMR-2013,
	author = {{Yigitbasi, Nezih} and others}, 
	booktitle = {{2013 IEEE 21st International Symposium on Modelling, Analysis and Simulation of Computer and Telecommunication Systems}}, 
	title = {{Towards Machine Learning-Based Auto-tuning of MapReduce}}, 
	year = {{2013}},
	pages = {{11--20}},
	month = {{Aug}}
}
@inproceedings{PIMFHCS-2015,
	author = {{Siegmund, Norbert} and others},
	title = {{Performance-influence Models for Highly Configurable Systems}},
	booktitle = {{Proceedings of the 2015 10th Joint Meeting on Foundations of Software Engineering}},
	series = {{ESEC/FSE 2015}},
	year = {{2015}},
	pages = {{284--294}},
	numpages = {{11}},
	publisher = {{ACM}},
	address = {{New York, NY, USA}}
}
@inproceedings{ARLATOWSAC-2009,
	author = {{Bu, Xiangping} and others},
	booktitle = {{2009 29th IEEE International Conference on Distributed Computing Systems}},
	title = {{A Reinforcement Learning Approach to Online Web Systems Auto-configuration}},
	year = {{2009}},
	pages = {{2-11}},
	month = {{June}}
}
@article{PLQUSLIWSN-2007,
	author = {{Wang, Yong} and others},
	title = {{Predicting Link Quality Using Supervised Learning in Wireless Sensor Networks}},
	journal = {{SIGMOBILE Mob. Comput. Commun. Rev.}},
	issue_date = {{July 2007}},
	volume = {{11}},
	number = {{3}},
	month = {{July}},
	year = {{2007}},
	issn = {{1559-1662}},
	pages = {{71-83}},
	numpages = {{13}},
	publisher = {{ACM}},
	address = {{New York, NY, USA}},
}
@inproceedings{2017,
	author = {{Meidan, Yair} and others},
	title = {{ProfilIoT: A Machine Learning Approach for IoT Device Identification Based on Network Traffic Analysis}},
	booktitle = {{Proceedings of the Symposium on Applied Computing}},
	series = {{SAC '17}},
	year = {{2017}},
	location = {{Marrakech, Morocco}},
	pages = {{506-509}},
	numpages = {{4}},
	publisher = {{ACM}},
	address = {{New York, NY, USA}},
} 
%------Conclusion------
@inproceedings{TRFESA-2012, 
	author = {{Wuttke, Jochen} and others}, 
	booktitle = {{2012 7th International Symposium on Software Engineering for Adaptive and Self-Managing Systems (SEAMS)}}, 
	title = {{Traffic routing for evaluating self-adaptation}}, 
	year = {{2012}},  
	pages = {{27-32}},
	month = {{June}}
}
@inproceedings{TAASASBSE-2015, 
	author = {{Weyns, Danny} and others}, 
	booktitle = {{2015 IEEE/ACM 10th International Symposium on Software Engineering for Adaptive and Self-Managing Systems}}, 
	title = {{Tele Assistance: A Self-Adaptive Service-Based System Exemplar}}, 
	year = {{2015}},  
	pages = {{88-92}},
	month = {{May}},
}